@article{einstein,
    author = "Albert Einstein",
    title = "{Zur Elektrodynamik bewegter K{\"o}rper}. ({German})
    [{On} the electrodynamics of moving bodies]",
    journal = "Annalen der Physik",
    volume = "322",
    number = "10",
    pages = "891--921",
    year = "1905",
    DOI = "http://dx.doi.org/10.1002/andp.19053221004",
    keywords = "physics"
}

@book{ar1,
    title = {Augmented Reality: Theory and Practice},
    author = {Anett Mehler-Bicher, Lothar Steiger},
    isbn = {9783110353853},
    year = {2014},
    publisher = {De Gruyter Oldenbourg},
}

@book{ar2,
    title = {Virtual Reality und Augmented Reality in der Digitalen Produktion},
    author = {Horst Orsolits, Maximilian Lackner},
    isbn = {9783658290092},
    year = {2020},
    publisher = {Springer Gabler Wiesbaden},
}

@online{knuthwebsite,
    author = "Donald Knuth",
    title = "Knuth: Computers and Typesetting",
    url  = "http://www-cs-faculty.stanford.edu/~uno/abcde.html",
    addendum = "(accessed: 01.09.2016)",
    keywords = "latex,knuth"
}